@book{htt,
  author        = {Lurie, Jacob},
  title         = {Higher Topos Theory},
  series        = {Annals of Mathematics Studies},
  volume        = {170},
  publisher     = {Princeton University Press},
  address       = {Princeton, NJ},
  year          = {2009}
}
